f%% BibTeX references.
%% References.

%% Opfinder lazy evaluation: Christopher P. Wadsworth, Semantics and Pragmatics of the Lambda Calculus , DPhil thesis, Oxford, 1971.

%%\cite{HuttonMeijer:jfp1998}



@Article{HuttonMeijer:jfp1998,
  author = 	 {G. Hutton and E. Meijer},
  title = 	 {Monadic Parsing in Haskell},
  journal = 	 {Journal of Functional Programming},
  year = 	 1998,
  volume = 	 8,
  number = 	 4,
  pages = 	 {437-444},
  month = 	 {July},
  note = 	 {Cambridge University Press, New York, NY, USA},
  doi     = {10.1017/S0956796898003050}}

@TechReport{haskell10,
  author = 	 {Simon Marlow et al},
  title = 	 {Haskell 2010 Language Report},
  institution =  {http://www.haskell.org},
  year = 	 2010}

@Article{Naur:algol60,
  author = 	 {Peter Naur et al},
  title = 	 {Report on the Algorithmic language ALGOL 60},
  journal = 	 {Communications of the ACM},
  pages = 	 {1-17},
  publisher = {ACM New York, NY, USA},
  year = 	 1963,
  volume = 	 6,
  number = 	 1,
  month = 	 jan,
  doi     = {10.1145/366193.366201}
}

%% Revised report on the algorithm language ALGOL 60... 
%%
%% Title Communications of the ACM CACM Homepage table of contents archive
%%  	Volume 6 Issue 1, Jan. 1963
%% Editor 	C. C. Gotlieb Univ. of Toronto, Toronto, Canada
%% Pages	1-17
%% Publication Date	1963-01-01 (yyyy-mm-dd)
%% Publisher	ACM New York, NY, USA
%%	ISSN: 0001-0782 EISSN: 1557-7317 doi>10.1145/366193.366201


@InProceedings{Yang-etal:popl2012,
  author    = {Jean Yang and Kuat Yessenov and Armando Solar-Lezama},
  title     = {A Language for Automatically Enforcing Privacy Policies},
  pages     = {85-96},
  doi       = {10.1145/2103656.2103669},
  crossref  = {popl2012}
}

@Book{Schmidt:1986,
  author    = {David Schmidt},
  title     = {Denotational Semantics},
  publisher = {Allyn and Bacon},
  year      = 1986,
  isbn      = 0205104509,
  url       = {http://people.cis.ksu.edu/~schmidt/text/densem.html}
}

@TechReport{Plotkin:daimi1981,
  author      = {Gordon D. Plotkin},
  title       = {A Structural Approach to Operational Semantics},
  institution = {{DAIMI}, Aarhus University},
  year        = 1981,
  number      = {FN-19},
  address     = {Aarhus, Denmark},
  note        = {Reprinted with corrections in \emph{J. Log. Algebr. Program} \textbf{60-61}: 17-139 (2004).},
  url         = {http://homepages.inf.ed.ac.uk/gdp/publications/sos_jlap.pdf}
}

@InProceedings{Kahn:stacs1987,
  author    = {Gilles Kahn},
  title     = {Natural Semantics},
  year      = 1987,
  pages     = {22-39},
  doi       = {10.1007/BFb0039592},
  crossref  = {stacs1987}
}

@Book{H80:FunctionalP,
  author = {P. Henderson},
  title = {Functional Programming---Application and Implementation},
  publisher = {Prentice-Hall},
  year = 1980
}

@Misc{Rose:github2014,
  author = 	 {Eva Rose},
  title = 	 {Constraint Generation for the Jeeves Privacy Language},
  howpublished = {https://github.com\slash drevarose\slash jeeves-in-haskell/blob/master/jeeves-constraints.lhs},
  year = 	 {2014}
}

@TechReport{HugsHaskell,
  author = 	 {Graham Hutton},
  title = 	 {Hugs system},
  institution =  {Glasgow},
  year = 	 {2000},
}

@book{hutton2007programming,
  added-at = {2011-04-14T08:24:42.000+0200},
  author = {Hutton, Graham},
  biburl = {http://www.bibsonomy.org/bibtex/228fae83a031858b0aa9f75b2cd8a6860/aleator},
  date-added = {2011-04-14 09:20:04 +0300},
  date-modified = {2011-04-14 09:20:04 +0300},
  interhash = {446b576b39de17e4f687013b5c5fff94},
  intrahash = {28fae83a031858b0aa9f75b2cd8a6860},
  isbn = {0521692695},
  keywords = {imported},
  publisher = {Cambridge Univ Press},
  timestamp = {2011-04-14T08:24:42.000+0200},
  title = {Programming in Haskell},
  year = 2007
}

@book{RossiVB06,
          editor    = { Rossi, F. and van Beek, P. and Walsh, T. },
          title     = { Handbook of Constraint Programming },
          publisher = { Elsevier },
          year      = { 2006 }
      }

@inproceedings{conf/dalt/Sakama08,
  added-at = {2009-01-01T00:00:00.000+0100},
  author = {Sakama, Chiaki},
  biburl = {http://www.bibsonomy.org/bibtex/25b36f348876d8d593cc50a649729d921/dblp},
  booktitle = {DALT},
  date = {2009-01-01},
  description = {dblp},
  editor = {Baldoni, Matteo and Son, Tran Cao and van Riemsdijk, M. Birna and Winikoff, Michael},
  ee = {http://dx.doi.org/10.1007/978-3-540-93920-7_10},
  interhash = {634a66a8e6c67381010b45c7bdb18a57},
  intrahash = {5b36f348876d8d593cc50a649729d921},
  isbn = {978-3-540-93919-1},
  keywords = {dblp},
  pages = {143-160},
  publisher = {Springer},
  series = {Lecture Notes in Computer Science},
  timestamp = {2009-01-01T00:00:00.000+0100},
  title = {Inductive Negotiation in Answer Set Programming.},
  url = {http://dblp.uni-trier.de/db/conf/dalt/dalt2008.html#Sakama08},
  volume = 5397,
  year = 2008
}

@article{Antoniou:1999:TDL:344588.344602,
 author = {Antoniou, Grigoris},
 title = {A tutorial on default logics},
 journal = {ACM Comput. Surv.},
 issue_date = {Dec. 1999},
 volume = {31},
 number = {4},
 month = dec,
 year = {1999},
 issn = {0360-0300},
 pages = {337--359},
 numpages = {23},
 url = {http://doi.acm.org/10.1145/344588.344602},
 doi = {10.1145/344588.344602},
 acmid = {344602},
 publisher = {ACM},
 address = {New York, NY, USA},
 keywords = {default logic, nonmonotonic reasoning, operational models},
} 

%% Collections.

@Proceedings{stacs1987,
  editor    = {Franz-Josef Brandenburg and Guy Vidal-Naquet and Martin Wirsing},
  title     = {{STACS '87}---4th Annual Symposium on Theoretical Aspects of Computer Science},
  booktitle = {{STACS '87}---4th Annual Symposium on Theoretical Aspects of Computer Science},
  publisher = {Springer},
  series    = {Lecture Notes in Computer Science},
  volume    = {247},
  year      = {1987},
  month     = feb,
  address   = {Passau, Germany},
  isbn      = {3-540-17219-X},
  bibsource = {DBLP, http://dblp.uni-trier.de}
}

@Proceedings{popl2012,
  editor    = {John Field and Michael Hicks},
  title     = {{POPL 2012}---Proceedings of the 39th ACM SIGPLAN-SIGACT Symposium on Principles of Programming Languages},
  booktitle = {{POPL 2012}---Proceedings of the 39th ACM SIGPLAN-SIGACT Symposium on Principles of Programming Languages},
  publisher = {ACM},
  year      = {2012},
  month     = jan,
  address   = {Philadelphia, Pennsylvania, USA},
  isbn      = {978-1-4503-1083-3}
}

@inproceedings{Des86lics,
   author = {Jo\"elle Despeyroux},
   title = {Proof of translation in {N}atural {S}emantics},
   booktitle = {proceedings of the first Symp. on Logic In Computer Science,
         {LICS}'86},
   publisher = {IEEE Computer Society},
   note = {Also appears as INRIA Research Report {RR}-514, April 1986},
   location = {Cambridge, MA},
   month = {June},
   year = {1986}
} 


@Article{Gom92toplas,
  author = {Carsten K. Gomard},
  title = {A self-applicable partial evaluator for the lambda calculus: correctness and pragmatics.},
  journal = {Transactions on Programming Languages and Systems},
  year = 1992,
  volume = 	 14,
  number = 	 2,
  pages = 	 {147-172}}


@Book{pgmwconstr98,
  author = 	 {Marriott, K. and Stuckey,P.J.},
  title = 	 {Programming with Constraints: An introduction},
  publisher = 	 {MIT Press},
  year = 	 1998,
  isbn=          {0-262-13341-5},
  address = 	 {Cambridge, Massachusetts, USA}}

@book{Milner:1990:DSM:77325,
 author = {Milner, Robin and Tofte, Mads and Harper, Robert},
 title = {The definition of Standard ML},
 year = {1990},
 isbn = {0-262-63132-6},
 publisher = {MIT Press},
 address = {Cambridge, MA, USA},
} 

@article{Schrijvers:2009:MCP:1735546.1735549,
 author = {Schrijvers, Tom and Stuckey, Peter and Wadler, Philip},
 title = {Monadic constraint programming},
 journal = {J. Funct. Program.},
 issue_date = {November 2009},
 volume = {19},
 number = {6},
 month = nov,
 year = {2009},
 issn = {0956-7968},
 pages = {663--697},
 numpages = {35},
 url = {http://dx.doi.org/10.1017/S0956796809990086},
 doi = {10.1017/S0956796809990086},
 acmid = {1735549},
 publisher = {Cambridge University Press},
 address = {New York, NY, USA},
} 

@article{Wadler:2003:MEM:601775.601776,
 author = {Wadler, Philip and Thiemann, Peter},
 title = {The marriage of effects and monads},
 journal = {ACM Trans. Comput. Logic},
 issue_date = {January 2003},
 volume = {4},
 number = {1},
 month = jan,
 year = {2003},
 issn = {1529-3785},
 pages = {1--32},
 numpages = {32},
 url = {http://doi.acm.org/10.1145/601775.601776},
 doi = {10.1145/601775.601776},
 acmid = {601776},
 publisher = {ACM},
 address = {New York, NY, USA},
 keywords = {Monad, effect, region, type, type reconstruction},
} 

@inproceedings{DBLP:conf/tacas/MouraB08,
  author    = {Leonardo Mendon\c{c}a de Moura and
               Nikolaj Bj{\o}rner},
  title     = {Z3: An Efficient SMT Solver},
  booktitle = {TACAS},
  year      = {2008},
  pages     = {337-340},
  doi = {10.1007/978-3-540-78800-3_24},
  bibsource = {DBLP, http://dblp.uni-trier.de}
}
